@ABNT-options{minhasopcoes,
    abnt-emphasize="\emph",
    abnt-full-initials="yes",
    abnt-show-options="warn",
    abnt-thesis-year="final",
    key="x"
}


% ======================== Hyperlinks   ========================

\footnote[1]{\url{https://pt.wikipedia.org/wiki/Sociedade\#cite\_note-1}}
\footnote[2]{\url{https://pt.wikipedia.org/wiki/Sociedade\#cite\_note-:0-2}}
\footnote[3]{\url{https://pt.wikipedia.org/wiki/Sociedade\#cite\_note-:13-3}}
\footnote[4]{\url{https://www.dicio.com.br/ciencia/}}
\footnote[5]{\url{https://www.dicio.com.br/tecnologia/}}
\footnote[6]{\url{https://pt.wikipedia.org/wiki/Inova\%C3\%A7\%C3\%A3o\#cite\_note-4}}
\footnote[7]{\url{https://pt.wikipedia.org/wiki/Ecossistema\#cite\_note-2}}
\footnote[8]{\url{https://pt.wikipedia.org/wiki/Ecossistema\#cite\_note-3}}
\footnote[9]{\url{https://www.gov.br/agricultura/pt-br/assuntos/inovacao/ecossistemas-de-inovacao}}
\footnote[10]{\url{https://www.planalto.gov.br/ccivil_03/_Ato2004-2006/2004/Lei/L10.973.htm}}

url = {https://pt.wikipedia.org/wiki/Computa\%C3\%A7\%C3\%A3o_em_nuvem}
url = {https://pt.wikipedia.org/wiki/Governo_Fernando_Henrique_Cardoso}


% ======================== Citações sendo usadas ========================

@book{alem2010macroeconomia,
  title={Macroeconomia: teoria e pr{\'a}tica no Brasil},
  author={Alem, Ana},
  volume={1},
  year={2010},
  publisher={Elsevier Brasil}
}